<record><leader>00000cas a22000007a 4500</leader><controlfield tag="001">15378909</controlfield><controlfield tag="008">870327d18921907msudr ne      0    0eng d</controlfield><datafield ind1=" " ind2=" " tag="010"><subfield code="a">sn 87065251 </subfield></datafield><datafield ind1=" " ind2=" " tag="040"><subfield code="a">MJA</subfield><subfield code="b">eng</subfield><subfield code="c">MJA</subfield><subfield code="d">MSJ</subfield><subfield code="d">MGN</subfield><subfield code="d">OCLCQ</subfield></datafield><datafield ind1=" " ind2=" " tag="042"><subfield code="a">msc</subfield></datafield><datafield ind1="0" ind2="0" tag="245"><subfield code="a">Jackson evening news.</subfield></datafield><datafield ind1=" " ind2=" " tag="260"><subfield code="a">Jackson, Miss. :</subfield><subfield code="b">News Pub. Co.,</subfield><subfield code="c">-1907.</subfield></datafield><datafield ind1=" " ind2=" " tag="310"><subfield code="a">Daily (except Sun.)</subfield></datafield><datafield ind1="1" ind2=" " tag="362"><subfield code="a">Began in 1892.</subfield></datafield><datafield ind1="0" ind2=" " tag="362"><subfield code="a">-v. 15, [no. 119] (May 15, 1907).</subfield></datafield><datafield ind1=" " ind2=" " tag="500"><subfield code="a">Special "Encampment edition" published July 29, 1896.</subfield></datafield><datafield ind1=" " ind2=" " tag="500"><subfield code="a">Special "Corner-Stone edition" published June 3, 1903.</subfield></datafield><datafield ind1=" " ind2=" " tag="580"><subfield code="a">Sunday ed.: Jackson Sunday news (1905- 1907).</subfield></datafield><datafield ind1=" " ind2=" " tag="588"><subfield code="a">Description based on: Vol. 4, no. 74 (Apr. 6, 1894).</subfield></datafield><datafield ind1=" " ind2=" " tag="752"><subfield code="a">United States</subfield><subfield code="b">Mississippi</subfield><subfield code="c">Hinds</subfield><subfield code="d">Jackson.</subfield></datafield><datafield ind1="1" ind2=" " tag="775"><subfield code="t">Jackson Sunday news</subfield></datafield><datafield ind1="0" ind2="0" tag="785"><subfield code="t">Jackson daily news (Jackson, Miss. : 1907)</subfield><subfield code="w">(DLC)sn 84024275</subfield><subfield code="w">(OCoLC)10935422</subfield></datafield></record>